02RETORNO01COBRANCA       293800566201        SPE CONSTR SA CAVALCANT 88 LTD341BANCO ITAU S.A.31072501600BPI00280010825                                                                                                                                                                                                                                                                                   000001
10221903838000165293800566201        000000000000000000701538407015384            109070153846             I0631072500070153840701538400000000000025072500000010149540330100801000000000000000000000000000000000000000000000000000000000000000000000000000000000000103728100000000223270000000000000   01082500000000000000000000000ROSANGELA MARIA DE OLIVEIRA CA                                      B1000002
9201341          000000000000000000000000000000          000000000000000000000000000000000000000000000000000000000000                                                            000000220000021732424431/07S  002800000000100000001014954                                                                                                                                                                000003
