02RETORNO01COBRANCA       293800540222        CONDOMINIO S R P G EMPRESARIA 341BANCO ITAU S.A.31072501600BPI00796010825                                                                                                                                                                                                                                                                                   000001
10234957181000241293800540222        000000000000000000701645107016451            109070164511             I0231072500070164510701645100000000000005082500000000281613410344201000000000000000000000000000000000000000000000000000000000000000000000000000000000000000000000000000000090000000000000         00000000000000000000000ANTONIO  SILVA MACHADO                                                000002
10234957181000241293800540222        000000000000000000701645207016452            109070164529             I0231072500070164520701645200000000000005082500000000281613410344201000000000000000000000000000000000000000000000000000000000000000000000000000000000000000000000000000000090000000000000         00000000000000000000000ANTONIO  SILVA MACHADO                                                000003
10234957181000241293800540222        000000000000000000701574207015742            109070157424             I0631072500070157420701574200000000000005072500000000281610011637801000000000000000000000000000000000000000000000000000000000000000000000000000000000000002895800000000007970000000000000   01082500000000000000000000000MAFRAULDA LOPES EVELYN MARTINS                                      B1000004
10234957181000241293800540222        000000000000000000701600407016004            109070160048             I0631072500070160040701600400000000000005082500000000281610013178101000000000000000000000000000000000000000000000000000000000000000000000000000000000000002816100000000000000000000000000   01082500000000000000000000000MARCILIO OLIVEIRA MELO                                              B1000005
10234957181000241293800540222        000000000000000000701620107016201            109070162010             I0631072500070162010701620100000000000005082500000000281613415626701000000000000000000000000000000000000000000000000000000000000000000000000000000000000002816100000000000000000000000000   01082500000000000000000000000FABIOLA FREIRE DE ALBUQUERQUE                                       BL000006
10234957181000241293800540222        000000000000000000701634707016347            109070163471             I0631072500070163470701634700000000000005082500000000281610013178101000000000000000000000000000000000000000000000000000000000000000000000000000000000000002816100000000000000000000000000   01082500000000000000000000000MARIA SOCORRO MOURA MARINHO                                         B1000007
10234957181000241293800540222        000000000000000000701636807016368            109070163687             I0631072500070163680701636800000000000005082500000000281610013507101000000000000000000000000000000000000000000000000000000000000000000000000000000000000002816100000000000000000000000000   01082500000000000000000000000LC PARTICIPACOES LTDA                                               B1000008
9201341          000000000000000000000000000000          000000000000000000000000000000000000000000000000000000000000                                                            000004390000001353618831/07S  007960000000700000000197127                                                                                                                                                                000009
