02RETORNO01COBRANCA       293800170640        BCOITAUBBA SPE CONST SA CAVALC341BANCO ITAU S.A.31072501600BPI00236010825                                                                                                                                                                                                                                                                                   000001
10214593526000137293800170640        000000000000000000701508607015086            109070150862             I0631072500070150860701508600000000000029062500000052413102600001801000000000000000000000000000000000000000000000000000000000000000000000000000000000000540204000000001607300000000000000   01082500000000000000000000000JESAIAS PONTES RODRIGUES                                            B1000002
9201341          000000000000000000000000000000          000000000000000000000000000000000000000000000000000000000000                                                            000000140000003772883231/07S  002360000000100000005241310                                                                                                                                                                000003
